<collection xmlns="http://www.loc.gov/MARC21/slim">
<record>
  <leader>01306nam0a22002891i 450 </leader>
  <controlfield tag="001">IT\ICCU\CNCE\040312</controlfield>
  <controlfield tag="005">20150709000000.0</controlfield>
  <datafield tag="012" ind1=" " ind2=" ">
    <subfield code="a">mio- soi- aidi ViD&apos; (3) 1567 (R)</subfield>
    <subfield code="2">fei</subfield>
  </datafield>
  <datafield tag="100" ind1=" " ind2=" ">
    <subfield code="a">19981103d1567        0itac0103    ba</subfield>
  </datafield>
  <datafield tag="101" ind1=" " ind2=" ">
    <subfield code="a">ITA</subfield>
  </datafield>
  <datafield tag="102" ind1=" " ind2=" ">
    <subfield code="a">IT</subfield>
  </datafield>
  <datafield tag="200" ind1="1" ind2=" ">
    <subfield code="a">℗La ℗impresa di messer Cesare Treuisani da Carteceto, con la dichiaratione allo illustrissimo signore Giouan&apos;Andrea Doria</subfield>
  </datafield>
  <datafield tag="210" ind1=" " ind2=" ">
    <subfield code="a">In Genua</subfield>
    <subfield code="c">appresso Antonio Bellone</subfield>
    <subfield code="d">1567</subfield>
  </datafield>
  <datafield tag="215" ind1=" " ind2=" ">
    <subfield code="a">\8!, 43, \13! p.</subfield>
    <subfield code="d">8ʻ</subfield>
  </datafield>
  <datafield tag="300" ind1=" " ind2=" ">
    <subfield code="a">Dedica sottoscritta da F. Felice, che sembra dichiararsi autore del&apos;opera</subfield>
  </datafield>
  <datafield tag="620" ind1=" " ind2=" ">
    <subfield code="a">IT</subfield>
    <subfield code="d">Genova</subfield>
  </datafield>
  <datafield tag="700" ind1=" " ind2="1">
    <subfield code="a">Trevisani,</subfield>
    <subfield code="b">Cesare</subfield>
    <subfield code="3">IT\ICCU\CNCA\011094</subfield>
  </datafield>
  <datafield tag="702" ind1=" " ind2="1">
    <subfield code="a">Felice,</subfield>
    <subfield code="b">F.</subfield>
    <subfield code="3">IT\ICCU\CNCA\011093</subfield>
  </datafield>
  <datafield tag="712" ind1="0" ind2="0">
    <subfield code="a">Bellone, Antonio</subfield>
    <subfield code="3">IT\ICCU\CNCT\000236</subfield>
    <subfield code="4">650</subfield>
  </datafield>
  <datafield tag="791" ind1="0" ind2="0">
    <subfield code="a">Bellono, Antonio</subfield>
    <subfield code="3">IT\ICCU\CNCT\004315</subfield>
    <subfield code="z">Bellone, Antonio</subfield>
  </datafield>
  <datafield tag="791" ind1="0" ind2="0">
    <subfield code="a">Bellonis, Antonio de</subfield>
    <subfield code="3">IT\ICCU\CNCT\004316</subfield>
    <subfield code="z">Bellone, Antonio</subfield>
  </datafield>
  <datafield tag="791" ind1="0" ind2="0">
    <subfield code="a">Bellonus, Antonius</subfield>
    <subfield code="3">IT\ICCU\CNCT\004317</subfield>
    <subfield code="z">Bellone, Antonio</subfield>
  </datafield>
  <datafield tag="791" ind1="0" ind2="0">
    <subfield code="a">Belonus, Antonius</subfield>
    <subfield code="3">IT\ICCU\CNCT\004318</subfield>
    <subfield code="z">Bellone, Antonio</subfield>
  </datafield>
  <datafield tag="801" ind1=" " ind2="3">
    <subfield code="a">IT</subfield>
    <subfield code="b">ICCU</subfield>
    <subfield code="c">20201114</subfield>
  </datafield>
  <datafield tag="899" ind1=" " ind2=" ">
    <subfield code="a">Biblioteca comunale dell&apos;Archiginnasio. Bologna</subfield>
    <subfield code="1">BO0304</subfield>
    <subfield code="2">UBO GA</subfield>
  </datafield>
  <datafield tag="899" ind1=" " ind2=" ">
    <subfield code="a">Biblioteca comunale Augusta. Perugia</subfield>
    <subfield code="z">MUTILO</subfield>
    <subfield code="1">PG0109</subfield>
    <subfield code="2">UM1 01</subfield>
  </datafield>
  <datafield tag="899" ind1=" " ind2=" ">
    <subfield code="a">Biblioteca nazionale Marciana. Venezia</subfield>
    <subfield code="1">VE0049</subfield>
    <subfield code="2">VEA BM</subfield>
  </datafield>
</record>
</collection>
